@online{DesignMa49:online,
	author = {{Google LLC}},
	title = {Design - Material Design},
	url = {https://material.io/design/},
	year = {o.D.},
	urldate = {2018-10-04}
}
@online{ChooseaD77:online,
	author = {{Google LLC}},
	title = {Choose a Database: Cloud Firestore or Realtime Database  |  Firebase},
	url = {https://firebase.google.com/docs/database/rtdb-vs-firestore},
	month = {08},
	year = {2018},
	urldate = {2018-10-04}
}
@online{undefine14:online,
	author = {{Github}},
	title = {undefined is not a function(evaluating '\_iterator[typeof Symbol === "function"?Symbol.iterator:"@@iterator"]()') · Issue \#15902 · facebook/react-native},
	url = {https://github.com/facebook/react-native/issues/15902#issuecomment-375521246},
	month = {03},
	year = {2018},
	urldate = {2018-10-04}
}
@online{CodeStru4:online,
	author = {{reduxjs}},
	title = {Code Structure - Redux},
	url = {https://redux.js.org/faq/codestructure#code-structure},
	month = {04},
	year = {2018},
	urldate = {2018-10-04}
}
@online{invertas78:online,
	author = {{invertase}},
	title = {invertase/react-native-firebase: A well tested feature rich modular Firebase implementation for React Native. Supports both iOS \& Android platforms for over 15 Firebase services.},
	url = {https://github.com/invertase/react-native-firebase},
	month = {10},
	year = {2018},
	urldate = {2018-10-04}
}
@online{Introduc87:online,
	author = {{invertase}},
	title = {Introduction - Notifications | React Native Firebase},
	url = {https://rnfirebase.io/docs/v5.x.x/notifications/introduction#Local-Notifications},
	year = {o.D.},
	urldate = {2018-10-05}
}
@online{FluidUIc8:online,
	author = {{Fluid Software Ltd}},
	title = {FluidUI.com - Create Web and Mobile Prototypes in Minutes},
	url = {https://www.fluidui.com/},
	year = {o.D.},
	urldate = {2018-10-04}
}
@online{Timersin85:online,
	author = {Gustavo Machado},
	title = {Timers in React Apps with Redux – Gustavo Machado – Medium},
	url = {https://medium.com/@machadogj/timers-in-react-with-redux-apps-9a5a722162e8},
	month = {12},
	year = {2016},
	urldate = {2018-10-04}
}
@Online{tf:2018,
	author = {{Google Brain Team}},
	title = {{An open source machine learning framework for everyone}},
	url = {https://www.tensorflow.org/},
	year = {2018}
}

@online{JCommand55:online,
	author = {Cédric Beust},
	title = {JCommander},
	url = {http://jcommander.org/},
	day = {17},
	month = {05},
	year = {2017},
	urldate = {2018-09-09}
}

@online{NativeBase:online,
	author = {{GeekyAnts}},
	title = {Native Base},
	url = {https://nativebase.io/},
	urldate = {2018-10-05}
}

@online{ReduxForm:online,
	author = {Erik Rasmussen},
	title = {Redux Form},
	url = {https://redux-form.com/7.4.2/},
	urldate = {2018-10-05}
}

@online{MomentJS:online,
	author = {{Moment}},
	title = {Moment.js},
	url = {https://momentjs.com/},
	urldate = {2018-10-05}
}

@online{MomentDuration:online,
	author = {John Madhavan-Reese},
	title = {Moment Duration Format},
	url = {https://github.com/jsmreese/moment-duration-format},
	urldate = {2018-10-05}
}

@online{ReactNavigation:online,
	author = {{React Navigation}},
	title = {React Navigation},
	url = {https://reactnavigation.org/en/},
	urldate = {2018-10-05}
}

@online{MaterialDialog:online,
	author = {{Hector Gracia}},
	title = {React Native Material Dialog},
	url = {https://github.com/hectahertz/react-native-material-dialog},
	urldate = {2018-10-05}
}

@online{ReactRedux:online,
	author = {{reduxjs}},
	title = {React Redux},
	url = {https://github.com/reduxjs/react-redux},
	urldate = {2018-10-05}
}

@online{React:online,
	author = {{Facebook Inc}},
	title = {React},
	url = {https://reactjs.org/},
	urldate = {2018-10-05}
}

@online{ReactNative:online,
	author = {{Facebook Inc}},
	title = {React Native},
	url = {https://facebook.github.io/react-native/},
	urldate = {2018-10-05}
}

@online{Redux:online,
	author = {{reduxjs}},
	title = {Redux},
	url = {https://redux.js.org/},
	urldate = {2018-10-05}
}

@online{ReduxSaga:online,
	author = {{reduxsaga}},
	title = {Redux-Saga},
	url = {https://github.com/redux-saga/redux-saga},
	urldate = {2018-10-05}
}

@online{TypescriptReasons:online,
	author = {Heinrich Ulbrich},
	title = {Drei Gründe warum TypeScript das bessere JavaScript ist},
	url = {https://www.communardo.de/techblog/drei-gruende-warum-typescript-das-bessere-javascript-ist/},
	urldate = {2018-10-05}
}

@online{ReactJSvsReactNative:online,
	author = {Alexis Mangin},
	title = {What are the main differences between ReactJS and React-Native?},
	url = {https://medium.com/@alexmngn/from-reactjs-to-react-native-what-are-the-main-differences-between-both-d6e8e88ebf24},
	urldate = {2018-10-05}
}
